@article{iijima1991helical,
  title={Helical microtubules of graphitic carbon},
  author={Iijima, Sumio},
  journal={Nature},
  volume={354},
  number={6348},
  pages={56--58},
  year={1991},
}

@article{lowry1951protein,
  title={Protein measurement with the Folin phenol reagent},
  author={Lowry, Oliver H and Rosebrough, Nira J and Farr, A Lewis and Randall, Rose J and others},
  journal={Journal of Biological Chemistry},
  volume={193},
  number={1},
  pages={265--275},
  year={1951},
}

@article{bradford1976rapid,
  title={A rapid and sensitive method for the quantitation of microgram quantities of protein utilizing the principle of protein-dye binding},
  author={Bradford, Marion M},
  journal={Analytical Biochemistry},
  volume={72},
  number={1-2},
  pages={248--254},
  year={1976},
}

@article{einstein1935can,
  title={Can quantum-mechanical description of physical reality be considered complete?},
  author={Einstein, Albert and Podolsky, Boris and Rosen, Nathan},
  journal={Physical Review},
  volume={47},
  number={10},
  pages={777},
  year={1935},
}

@article{laemmli1970cleavage,
  title={Cleavage of structural proteins during the assembly of the head of bacteriophage T4},
  author={Laemmli, Ulrich Karl},
  journal={Nature},
  volume={227},
  number={5259},
  pages={680--685},
  year={1970},
}

@article{maldacena1999large,
  title={The large-N limit of superconformal field theories and supergravity},
  author={Maldacena, Juan},
  journal={International Journal of Theoretical Physics},
  volume={38},
  number={4},
  pages={1113--1133},
  year={1999},
}

@article{gubser1998gauge,
  title={Gauge theory correlators from non-critical string theory},
  author={Gubser, Steven S and Klebanov, Igor R and Polyakov, Alexander M},
  journal={Physics Letters B},
  volume={428},
  number={1-2},
  pages={105--114},
  year={1998},
}

@article{randall1999alternative,
  title={An alternative to compactification},
  author={Randall, Lisa and Sundrum, Raman},
  journal={Physical Review Letters},
  volume={83},
  number={23},
  pages={4690},
  year={1999},
}

@article{aharony2000large,
  title={Large N field theories, string theory and gravity},
  author={Aharony, Ofer and Gubser, Steven S and Maldacena, Juan and Ooguri, Hirosi and Oz, Yaron},
  journal={Physics Reports},
  volume={323},
  number={3-4},
  pages={183--386},
  year={2000},
}

@article{copeland2006dynamics,
  title={Dynamics of dark energy},
  author={Copeland, Edmund J and Sami, Mohammad and Tsujikawa, Shinji},
  journal={International Journal of Modern Physics D},
  volume={15},
  number={11},
  pages={1753--1935},
  year={2006},
}

@article{susskind1995world,
  title={The world as a hologram},
  author={Susskind, Leonard},
  journal={Journal of Mathematical Physics},
  volume={36},
  number={11},
  pages={6377--6396},
  year={1995},
}

@article{kitaev2003fault,
  title={Fault-tolerant quantum computation by anyons},
  author={Kitaev, A Yu},
  journal={Annals of physics},
  volume={303},
  number={1},
  pages={2--30},
  year={2003},
}

@inproceedings{he2016deep,
  title={Deep residual learning for image recognition},
  author={He, Kaiming and Zhang, Xiangyu and Ren, Shaoqing and Sun, Jian},
  booktitle={2016 IEEE Conference on Computer Vision and Pattern Recognition},
  pages={770--778},
  year={2016},
  publisher={IEEE},
  address={Las Vegas}
}

@article{breiman2001random,
  title={Random forests},
  author={Breiman, Leo},
  journal={Machine learning},
  volume={45},
  pages={5--32},
  year={2001},
}

@article{pedregosa2011scikit,
  title={Scikit-learn: Machine learning in Python},
  author={Pedregosa, Fabian and Varoquaux, Ga{\"e}l and Gramfort, Alexandre and Michel, Vincent and Thirion, Bertrand and Grisel, Olivier and Blondel, Mathieu and Prettenhofer, Peter and Weiss, Ron and Dubourg, Vincent and others},
  journal={ournal of Machine Learning Research},
  volume={12},
  pages={2825--2830},
  year={2011},
}

@article{zhang2024one,
  title={XXX research paper},
  author={\authorFormat{Zhang S} and Li, Si and Wang, Wu},
  journal={XXX journal},
  volume={In press. doi: XXX},
  year={2024}
}

@article{zhang2024another,
  title={Another research paper},
  author={\authorFormat{Zhang S} and Li, Si and Wang, Wu},
  journal={XXX journal},
  volume={1},
  number={1},
  pages={1--10},
  year={2024}
}